impossibility_of_fair_exchange.pdf
@techreport{pagnia99,
    author      = "Henning Pagnia, Felix C. GÃ¤rtner",
    title       = "On the Impossibility of Fair Exchange, without a Trusted Third Party",
    institution = "Darmstadt University of Technology Department of Computer Science",
    number      = "TUD-BS-1999-02",
    year        = "1999",
    month       = "March",
}

Asokan98.pdf
@phdthesis{asokan98,
    author    = "N. Asokan",
    title     = "Fairness in Electronic Commerce",
    school    = "University of Waterloo",
    year      = "1998",
}

